@article{belhumeur11,
	author = "Belhumeur, Peter N. and Jacobs, David W. and
                  Kriegman, David J. and Kumar, Neeraj",
	journal="{IEEE} PAMI",
	volume="35",
	number="12",
	pages="2930--2940",
	title = "{Localizing parts of faces using a consensus of exemplars}",
	year = "2013"
}